%% LaTeX2e file `defenseSlides.bib'
%% generated by the `filecontents' environment
%% from source `defenseSlides' on 2020/06/15.
%%
 \input{dissertationBib.bib}
