%!TEX root = DissertationDraft.tex

@article{WaldMLE,
 ISSN = {00034851},
 URL = {http://www.jstor.org/stable/2236315},
 author = {Abraham Wald},
 journal = {The Annals of Mathematical Statistics},
 number = {4},
 pages = {595--601},
 publisher = {Institute of Mathematical Statistics},
 title = {Note on the Consistency of the Maximum Likelihood Estimate},
 volume = {20},
 year = {1949}
}

@book{MacKay2002,
 author = {MacKay, David J. C.},
 title = {Information Theory, Inference \& Learning Algorithms},
 year = {2002},
 isbn = {0521642981},
 publisher = {Cambridge University Press},
 address = {New York, NY, USA}
} 


@article{pollard1981,
	author = {Pollard, David},
	doi = {10.1214/aos/1176345339},
	fjournal = {The Annals of Statistics},
	journal = {Ann. Statist.},
	month = {01},
	number = {1},
	pages = {135--140},
	publisher = {The Institute of Mathematical Statistics},
	title = {Strong Consistency of $K$-Means Clustering},
	url = {https://doi.org/10.1214/aos/1176345339},
	volume = {9},
	year = {1981}
}

@article{pollard1982,
	author = {Pollard, David},
	doi = {10.1214/aop/1176993713},
	fjournal = {The Annals of Probability},
	journal = {Ann. Probab.},
	month = {11},
	number = {4},
	pages = {919--926},
	publisher = {The Institute of Mathematical Statistics},
	title = {A Central Limit Theorem for $k$-Means Clustering},
	url = {https://doi.org/10.1214/aop/1176993713},
	volume = {10},
	year = {1982}
}

@article{ECOC1995,
  author    = {Thomas G. Dietterich and
               Ghulum Bakiri},
  title     = {Solving Multiclass Learning Problems via Error-Correcting Output Codes},
  journal   = {CoRR},
  volume    = {arXiv:9501101},
  year      = {1995},
  url       = {http://arxiv.org/abs/cs.AI/9501101},
  timestamp = {Mon, 13 Aug 2018 16:48:05 +0200},
  biburl    = {https://dblp.org/rec/bib/journals/corr/cs-AI-9501101},
  bibsource = {dblp computer science bibliography, https://dblp.org}
}

@inproceedings{VenkatECOC,
 author = {Guruswami, Venkatesan and Sahai, Amit},
 title = {Multiclass Learning, Boosting, and Error-correcting Codes},
 booktitle = {Proceedings of the Twelfth Annual Conference on Computational Learning Theory},
 series = {COLT '99},
 year = {1999},
 isbn = {1-58113-167-4},
 location = {Santa Cruz, California, USA},
 pages = {145--155},
 numpages = {11},
 url = {http://doi.acm.org/10.1145/307400.307429},
 doi = {10.1145/307400.307429},
 acmid = {307429},
 publisher = {ACM},
 address = {New York, NY, USA},
} 

@article{Allwein2001,
 author = {Allwein, Erin L. and Schapire, Robert E. and Singer, Yoram},
 title = {Reducing Multiclass to Binary: A Unifying Approach for Margin Classifiers},
 journal = {J. Mach. Learn. Res.},
 issue_date = {9/1/2001},
 volume = {1},
 month = sep,
 year = {2001},
 issn = {1532-4435},
 pages = {113--141},
 numpages = {29},
 url = {https://doi.org/10.1162/15324430152733133},
 doi = {10.1162/15324430152733133},
 acmid = {944737},
 publisher = {JMLR.org},
} 

@INPROCEEDINGS{ECOCImage, 
	author={H. Huo and J. Feng}, 
	booktitle={2010 IEEE International Conference on Image Processing}, 
	title={Online AdaBoost ECOC for image classification}, 
	year={2010}, 
	volume={}, 
	number={}, 
	pages={1069-1072}, 
	doi={10.1109/ICIP.2010.5652706}, 
	ISSN={2381-8549}, 
	month={Sept},
}

@ARTICLE{TernaryECOC, 
	author={S. Escalera and O. Pujol and P. Radeva}, 
	journal={IEEE Transactions on Pattern Analysis and Machine Intelligence}, 
	title={On the Decoding Process in Ternary Error-Correcting Output Codes}, 
	year={2010}, 
	volume={32}, 
	number={1}, 
	pages={120-134}, 
	doi={10.1109/TPAMI.2008.266}, 
	ISSN={0162-8828}, 
	month={Jan}
}


@book{BishopBook,
   title =     {Pattern Recognition and Machine Learning},
   author =    {Christopher M. Bishop},
   publisher = {Springer},
   isbn =      {9780387310732,0387310738},
   year =      {2006},
   series =    {Information science and statistics},
   edition =   {1st ed. 2006. Corr. 2nd printing},
   volume =    {},
}

@book{Bishop1995,
 author = {Bishop, Christopher M.},
 title = {Neural Networks for Pattern Recognition},
 year = {1995},
 isbn = {0198538642},
 publisher = {Oxford University Press, Inc.},
 address = {New York, NY, USA},
} 

@incollection{AutoClass2,
 author = {Cheeseman, Peter and Stutz, John},
 title = {{Bayesian} Classification ({AutoClass}): Theory and Results},
 booktitle = {Advances in Knowledge Discovery and Data Mining},
 editor = {Fayyad, Usama M. and Piatetsky-Shapiro, Gregory and Smyth, Padhraic and Uthurusamy, Ramasamy},
 year = {1996},
 isbn = {0-262-56097-6},
 pages = {153--180},
 numpages = {28},
 url = {http://dl.acm.org/citation.cfm?id=257938.257954},
 acmid = {257954},
 publisher = {American Association for Artificial Intelligence},
 address = {Menlo Park, CA, USA},
}

@InProceedings{AutoClass1,
	author={Stutz, John
	and Cheeseman, Peter},
	editor={Skilling, John
	and Sibisi, Sibusiso},
	title={Autoclass --- A {Bayesian} Approach to Classification},
	booktitle={Maximum Entropy and {Bayesian} Methods},
	year={1996},
	publisher={Springer Netherlands},
	address={Dordrecht},
	pages={117--126},
}

@article{ForneyVPH,
  author    = {G. David Forney Jr.},
  title     = {The Viterbi Algorithm: {A} Personal History},
  journal   = {CoRR},
  volume    = {arXiv:0504020},
  year      = {2005},
  url       = {http://arxiv.org/abs/cs/0504020},
  archivePrefix = {arXiv},
  eprint    = {cs/0504020},
  timestamp = {Mon, 13 Aug 2018 16:47:14 +0200},
  biburl    = {https://dblp.org/rec/bib/journals/corr/abs-cs-0504020},
  bibsource = {dblp computer science bibliography, https://dblp.org}
}

@article{ViterbiPH,
  title={A personal history of the Viterbi algorithm},
  author={A J Viterbi},
  journal={IEEE Signal Processing Magazine},
  year={2006},
  volume={23},
  pages={120-142}
}

@article{patternnet,
 author = {{Rychlik}, M.},
 title = {A proof of convergence of multi-class logistic regression network},
 journal = {arXiv e-prints},
 volume={arXiv:1903.12600},
 archivePrefix = {arXiv},
 eprint = {1903.12600},
 primaryClass = {stat.ML},
 keywords = {Statistics - Machine Learning, Computer Science - Machine Learning, 92B20 68T05 82C32},
 year = 2019,
 month = mar,
 adsurl = {https://ui.adsabs.harvard.edu/abs/2019arXiv190312600R},
}

@ARTICLE{2019arXivVAEandICA,
   author = {{Khemakhem}, I. and {Kingma}, D.~P. and {Hyv{\"a}rinen}, A.},
    title = {{Variational Autoencoders} and Nonlinear {ICA}: A Unifying Framework},
  journal = {arXiv e-prints},
   volume = {arXiv:1907.04809},
archivePrefix = {arXiv},
   eprint = {1907.04809},
 primaryClass = {stat.ML},
 keywords = {Statistics - Machine Learning, Computer Science - Machine Learning},
     year = 2019,
    month = jul,
   adsurl = {https://ui.adsabs.harvard.edu/abs/2019arXiv190704809K},
  adsnote = {Provided by the SAO/NASA Astrophysics Data System}
}

@article{matGradChain,
	author = {Theis, Fabian},
	year = {2005},
	month = {01},
	pages = {1-13},
	title = {Gradients on matrix manifolds and their chain rule},
	volume = {9},
	journal = {Neural Information Processing LR}
}

@book{Rubinstein2004,
 author = {Rubinstein, Reuven Y. and Kroese, Dirk P.},
 title = {The Cross Entropy Method: A Unified Approach To Combinatorial Optimization,
  Monte-carlo Simulation},
 year = {2004},
 isbn = {038721240X},
 publisher = {Springer-Verlag},
 address = {Berlin, Heidelberg},
} 

@Incollection{NealHintonEM1999,
 author={Neal, Radford M.
 and Hinton, Geoffrey E.},
 editor={Jordan, Michael I.},
 title={A View of the {EM} Algorithm that Justifies Incremental, Sparse, and other Variants},
 bookTitle={Learning in Graphical Models},
 year={1998},
 publisher={Springer Netherlands},
 address={Dordrecht},
 pages={355--368},
 isbn={978-94-011-5014-9},
 doi={10.1007/978-94-011-5014-9_12},
 url={https://doi.org/10.1007/978-94-011-5014-9_12},
}

@ARTICLE{Dempster77EM,
    author = {A. P. Dempster and N. M. Laird and D. B. Rubin},
    title = {Maximum likelihood from incomplete data via the {EM} algorithm},
    journal = {JOURNAL OF THE ROYAL STATISTICAL SOCIETY, SERIES B},
    year = {1977},
    volume = {39},
    number = {1},
    pages = {1--38}
}

@article{VQVAE,
  author    = {A{\"{a}}ron van den Oord and
               Oriol Vinyals and
               Koray Kavukcuoglu},
  title     = {Neural Discrete Representation Learning},
  journal   = {CoRR},
  volume    = {arXiv:1711.00937},
  year      = {2017},
  url       = {http://arxiv.org/abs/1711.00937},
  archivePrefix = {arXiv},
  eprint    = {1711.00937},
  timestamp = {Mon, 13 Aug 2018 16:48:11 +0200},
  biburl    = {https://dblp.org/rec/bib/journals/corr/abs-1711-00937},
  bibsource = {dblp computer science bibliography, https://dblp.org}
}

@ARTICLE{Nielsen_sun_KLbounds,
	author={F. {Nielsen} and K. {Sun}},
	journal={IEEE Signal Processing Letters},
	title={Guaranteed Bounds on the Kullbackâ€“Leibler Divergence of Univariate Mixtures},
	year={2016},
	volume={23},
	number={11},
	pages={1543-1546},
	doi={10.1109/LSP.2016.2606661},
	ISSN={1558-2361},
	month={Nov}
}

@article{LSEtrick,
  author    = {Frank Nielsen and
               Ke Sun},
  title     = {Guaranteed bounds on the Kullback-Leibler divergence of univariate
               mixtures using piecewise log-sum-exp inequalities},
  journal   = {CoRR},
  volume    = {arXiv:1606.05850},
  year      = {2016},
  url       = {http://arxiv.org/abs/1606.05850},
  archivePrefix = {arXiv},
  eprint    = {1606.05850},
  timestamp = {Mon, 13 Aug 2018 16:45:59 +0200},
  biburl    = {https://dblp.org/rec/bib/journals/corr/NielsenS16a},
  bibsource = {dblp computer science bibliography, https://dblp.org}
}

@article{AccurateSoftmax,
  title={Accurate Computation of the Log-Sum-Exp and Softmax Functions},
  author={Pierre Blanchard and Desmond J. Higham and Nicholas J. Higham},
  journal={arXiv},
  year={2019},
  volume={arXiv:1909.03469}
}

@inproceedings{macqueen1967kmeans,
	address = {Berkeley, Calif.},
	author = {MacQueen, J.},
	booktitle = {Proceedings of the Fifth Berkeley Symposium on Mathematical Statistics and Probability, Volume 1: Statistics},
	pages = {281--297},
	publisher = {University of California Press},
	title = {Some methods for classification and analysis of multivariate observations},
	url = {https://projecteuclid.org/euclid.bsmsp/1200512992},
	year = {1967},
}

@article{Lloyd82,
  author    = {Stuart P. Lloyd},
  title     = {Least squares quantization in {PCM}},
  journal   = {{IEEE} Trans. Information Theory},
  volume    = {28},
  number    = {2},
  pages     = {129--136},
  year      = {1982},
  url       = {https://doi.org/10.1109/TIT.1982.1056489},
  doi       = {10.1109/TIT.1982.1056489},
  timestamp = {Wed, 14 Nov 2018 10:27:06 +0100},
  biburl    = {https://dblp.org/rec/bib/journals/tit/Lloyd82},
  bibsource = {dblp computer science bibliography, https://dblp.org}
}

@book{hastie09esl,
  added-at = {2010-06-03T15:15:09.000+0200},
  author = {Hastie, Trevor and Tibshirani, Robert and Friedman, Jerome},
  biburl = {https://www.bibsonomy.org/bibtex/200d858c0bd2826d4eb5f39450192d1f5/ukoethe},
  edition = 2,
  file = {:Books\\HastieTibshiraniFriedman-09-Elements-of-Statistical-Learning-2nd-edition\\hastie_09_elements-of.statistical-learning.pdf:PDF},
  interhash = {52d1772f39be836e3b298d37b8c0cfa1},
  intrahash = {00d858c0bd2826d4eb5f39450192d1f5},
  keywords = {inference mathmatics dataanalysis method clutering statistics},
  publisher = {Springer},
  timestamp = {2010-06-03T15:15:09.000+0200},
  title = {The elements of statistical learning: data mining, inference and prediction},
  url = {http://www-stat.stanford.edu/~tibs/ElemStatLearn/},
  year = 2009
}

@book{MML_2019,
  added-at = {2019-10-12T23:39:32.000+0200},
  author = {Deisenroth, Marc Peter and Faisal, A. Aldo and Ong, Cheng Soon},
  biburl = {https://www.bibsonomy.org/bibtex/271e556439bb49b11e015aa4c0d9cb785/lopusz_kdd},
  description = {Mathematics for Machine Learning: Marc Peter Deisenroth, A. Aldo Faisal, Cheng Soon Ong: 9781108455145: Amazon.com: Books},
  interhash = {876f4a593e888f3257674a89d7456f25},
  intrahash = {71e556439bb49b11e015aa4c0d9cb785},
  keywords = {general_machine_learning},
  publisher = {Cambridge University Press},
  timestamp = {2019-10-12T23:43:51.000+0200},
  title = {Mathematics for Machine Learning},
  year = 2020
}

@book{Goodfellow-et-al-2016,
    title={Deep Learning},
    author={Ian Goodfellow and Yoshua Bengio and Aaron Courville},
    publisher={MIT Press},
    note={\url{http://www.deeplearningbook.org}},
    year={2016}
}

@article{DataBalancing,
	author = {Batista, Gustavo E. A. P. A. and Prati, Ronaldo C. and Monard, Maria Carolina},
	title = {A Study of the Behavior of Several Methods for Balancing Machine Learning Training Data},
	year = {2004},
	issue_date = {June 2004},
	publisher = {Association for Computing Machinery},
	address = {New York, NY, USA},
	volume = {6},
	number = {1},
	issn = {1931-0145},
	url = {https://doi.org/10.1145/1007730.1007735},
	doi = {10.1145/1007730.1007735},
	journal = {SIGKDD Explor. Newsl.},
	month = jun,
	pages = {20â€“29},
	numpages = {10}
}

@article{Lin2017FocalLF,
	title={Focal Loss for Dense Object Detection},
	author={Tsung-Yi Lin and Priya Goyal and Ross B. Girshick and Kaiming He and Piotr Doll{\'a}r},
	journal={2017 IEEE International Conference on Computer Vision (ICCV)},
	year={2017},
	pages={2999-3007}
}


@inproceedings{MOEGridlock,
	title={Breaking the gridlock in Mixture-of-Experts: Consistent and Efficient Algorithms},
	author={Ashok Vardhan Makkuva and Pramod Viswanath and Sreeram Kannan and Sewoong Oh},
	booktitle={Proceedings of the International Conference on Machine Learning, ICML 2018},
	year={2018}
}

@Incollection{Lawrence2012,
	author={Lawrence, Steve
	and Burns, Ian
	and Back, Andrew
	and Tsoi, Ah Chung
	and Giles, C. Lee},
	editor={Montavon, Gr{\'e}goire
	and Orr, Genevi{\`e}ve B.
	and M{\"u}ller, Klaus-Robert},
	title={Neural Network Classification and Prior Class Probabilities},
	bookTitle={Neural Networks: Tricks of the Trade: Second Edition},
	year={2012},
	publisher={Springer Berlin Heidelberg},
	address={Berlin, Heidelberg},
	pages={295--309},
	isbn={978-3-642-35289-8},
	doi={10.1007/978-3-642-35289-8_19},
	url={https://doi.org/10.1007/978-3-642-35289-8_19},
}

@article{MOEJacobs,
	author = {Jacobs, Robert A. and Jordan, Michael I. and Nowlan, Steven J. and Hinton, Geoffrey E.},
	title = {Adaptive Mixtures of Local Experts},
	year = {1991},
	issue_date = {March 1991},
	publisher = {MIT Press},
	address = {Cambridge, MA, USA},
	volume = {3},
	number = {1},
	issn = {0899-7667},
	url = {https://doi.org/10.1162/neco.1991.3.1.79},
	doi = {10.1162/neco.1991.3.1.79},
	journal = {Neural Comput.},
	month = mar,
	pages = {79â€“87},
	numpages = {9}
}

@article{baum1970,
	author = {Baum, Leonard E. and Petrie, Ted and Soules, George and Weiss, Norman},
	doi = {10.1214/aoms/1177697196},
	fjournal = {The Annals of Mathematical Statistics},
	journal = {Ann. Math. Statist.},
	month = {02},
	number = {1},
	pages = {164--171},
	publisher = {The Institute of Mathematical Statistics},
	title = {A Maximization Technique Occurring in the Statistical Analysis of Probabilistic Functions of {Markov} Chains},
	url = {https://doi.org/10.1214/aoms/1177697196},
	volume = {41},
	year = {1970},
}

@article{hartley1958,
	ISSN = {0006341X, 15410420},
	URL = {http://www.jstor.org/stable/2527783},
	author = {H. O. Hartley},
	journal = {Biometrics},
	number = {2},
	pages = {174--194},
	publisher = {[Wiley, International Biometric Society]},
	title = {Maximum Likelihood Estimation from Incomplete Data},
	volume = {14},
	year = {1958}
}

@techreport{woodbury1970missing,
	title={A missing information principle: theory and applications},
	author={Woodbury, Max A},
	year={1970},
	institution={Duke University Medical Center Durham United States}
}

@article{sundberg1974,
	ISSN = {03036898, 14679469},
	URL = {http://www.jstor.org/stable/4615553},
	author = {Rolf Sundberg},
	journal = {Scandinavian Journal of Statistics},
	number = {2},
	pages = {49--58},
	publisher = {[Board of the Foundation of the Scandinavian Journal of Statistics, Wiley]},
	title = {Maximum Likelihood Theory for Incomplete Data from an Exponential Family},
	volume = {1},
	year = {1974}
}

@article{sundberg1976,
	author = { Rolf   Sundberg },
	title = {An iterative method for solution of the likelihood equations for incomplete data from exponential families},
	journal = {Communications in Statistics - Simulation and Computation},
	volume = {5},
	number = {1},
	pages = {55-64},
	year  = {1976},
	publisher = {Taylor & Francis},
	doi = {10.1080/03610917608812007},
	
	URL = { 
	https://doi.org/10.1080/03610917608812007
	
	},
	eprint = { 
	https://doi.org/10.1080/03610917608812007
	
	}
}

@article{McCulloch-Pitts,
	author        = {McCulloch, W S and Pitts, W},
	title         = {A Logical Calculus of the Ideas Immanent in Nervous
	Activity},
	journal       = {Bull. Math. Biophys.},
	volume        = {5},
	pages         = {115-133},
	year          = {1943},
	url           = {https://cds.cern.ch/record/427611},
}

@techreport{rosenblatt1961principles,
	title={Principles of neurodynamics. perceptrons and the theory of brain mechanisms},
	author={Rosenblatt, Frank},
	year={1961},
	institution={Cornell Aeronautical Lab Inc Buffalo NY}
}

@ARTICLE{Rosenblatt58theperceptron,
	author = {F. Rosenblatt},
	title = {The Perceptron: A Probabilistic Model for Information Storage and Organization in The Brain},
	journal = {Psychological Review},
	year = {1958},
	pages = {65--386}
}


@book{Minsky90Perceptron,
	author={Minsky, Marvin Lee and Papert, Seymour},
	year={1990},
	title={Perceptrons: An Introduction to Computational Geometry},
	publisher={Massachusetts Institute of Technology},
	address={Cambridge, Mass},
	isbn={0262130432 9780262130431},
	language={English},
}

@article{rumelhart1986learning,
	title={Learning representations by back-propagating errors},
	author={Rumelhart, David E and Hinton, Geoffrey E and Williams, Ronald J},
	journal={Nature},
	volume={323},
	number={6088},
	pages={533--536},
	year={1986},
	publisher={Nature Publishing Group}
}


@article{muller2019labelsmoothing,
	author    = {Rafael M{\"{u}}ller and
	Simon Kornblith and
	Geoffrey E. Hinton},
	title     = {When Does Label Smoothing Help?},
	journal   = {CoRr},
	volume    = {arXiv:1906.02629},
	year      = {2019},
	url       = {http://arxiv.org/abs/1906.02629},
	archivePrefix = {arXiv},
	eprint    = {1906.02629},
	timestamp = {Thu, 13 Jun 2019 13:36:00 +0200},
	biburl    = {https://dblp.org/rec/journals/corr/abs-1906-02629.bib},
	bibsource = {dblp computer science bibliography, https://dblp.org}
}

@article{elfwingSiLU,
	author    = {Stefan Elfwing and
	Eiji Uchibe and
	Kenji Doya},
	title     = {Sigmoid-Weighted Linear Units for Neural Network Function Approximation
	in Reinforcement Learning},
	journal   = {CoRR},
	volume    = {arxiv:1702.03118},
	year      = {2017},
	url       = {http://arxiv.org/abs/1702.03118},
	archivePrefix = {arXiv},
	eprint    = {1702.03118},
	timestamp = {Mon, 13 Aug 2018 16:47:11 +0200},
	biburl    = {https://dblp.org/rec/journals/corr/ElfwingUD17.bib},
	bibsource = {dblp computer science bibliography, https://dblp.org}
}

@article{petersenmatrix,
	title={The Matrix Cookbook},
	author={Petersen, Kaare Brandt and Pedersen, Michael Syskind}
}

@INPROCEEDINGS{Graves06ctc,
	author = {Alex Graves and Santiago FernÃ¡ndez and Faustino Gomez},
	title = {Connectionist temporal classification: Labelling unsegmented sequence data with recurrent neural networks},
	booktitle = {Proceedings of the International Conference on Machine Learning, ICML 2006},
	year = {2006},
	pages = {369--376}
}

@article{kingma2013auto,
	title={Auto-encoding variational {Bayes}},
	author={Kingma, Diederik P and Welling, Max},
	journal={arXiv preprint},
	volume = {arXiv:1312.6114},
	year={2013}
}

@inproceedings{van2017neural,
	title={Neural discrete representation learning},
	author={van den Oord, Aaron and Vinyals, Oriol and others},
	booktitle={Advances in Neural Information Processing Systems},
	pages={6306--6315},
	year={2017}
}

@article{friedman2012survey,
	title={Survey article: an elementary illustrated introduction to simplicial sets},
	author={Friedman, Greg},
	journal={The Rocky Mountain Journal of Mathematics},
	pages={353--423},
	year={2012},
	publisher={JSTOR}
}

@misc{nlab:simplex_category,
	author = {{nLab authors}},
	title = {simplex category},
	howpublished = {\url{http://ncatlab.org/nlab/show/simplex%20category}},
	note = {\href{http://ncatlab.org/nlab/revision/simplex%20category/68}{Revision 68}},
	month = may,
	year = 2020
}

@misc{nlab:simplex,
	author = {{nLab authors}},
	title = {simplex},
	howpublished = {\url{http://ncatlab.org/nlab/show/simplex}},
	note = {\href{http://ncatlab.org/nlab/revision/simplex/33}{Revision 33}},
	month = may,
	year = 2020
}

@inproceedings{liu2016large,
	title={Large-margin softmax loss for convolutional neural networks.},
	author={Liu, Weiyang and Wen, Yandong and Yu, Zhiding and Yang, Meng},
	booktitle={Proceedings of the International Conference on Machine Learning, ICML},
	volume={2},
	number={3},
	pages={7},
	year={2016}
}

@article{baydin2017automatic,
	title={Automatic differentiation in machine learning: a survey},
	author={Baydin, At{\i}l{\i}m G{\"u}nes and Pearlmutter, Barak A and Radul, Alexey Andreyevich and Siskind, Jeffrey Mark},
	journal={The Journal of Machine Learning Research},
	volume={18},
	number={1},
	pages={5595--5637},
	year={2017},
	publisher={JMLR. org}
}

@manual{MATLAB:2020a,
	address = {Natick, Massachusetts},
	organization = {The Mathworks, Inc.},
	title = {{MATLAB version 9.8.0.1359463 (R2020a)}},
	year = {2020}
}

@book{abraham1967transversal,
	title={Transversal Mappings and Flows},
	author={Abraham, Ralph and Robbin, Joel},
	year={1967},
	publisher={WA Benjamin New York}
}

@book{magnus2019matrix,
	title={Matrix differential calculus with applications in statistics and econometrics},
	author={Magnus, Jan R and Neudecker, Heinz},
	year={2019},
	publisher={John Wiley \& Sons}
}

@article{manton2012differential,
	title={Differential Calculus, Tensor Products and the Importance of Notation},
	author={Jonathan H. Manton},
	year={2012},
	journal={arXiv preprint},
	volume = {arXiv:1208.0197},
	eprint={1208.0197},
	archivePrefix={arXiv},
	primaryClass={math.HO}
}

@article{magnus1985matrix,
	title={Matrix differential calculus with applications to simple, {Hadamard, and Kronecker} products},
	author={Magnus, JR and Neudecker, H},
	journal={Journal of Mathematical Psychology},
	volume={29},
	number={4},
	pages={474--492},
	year={1985},
	publisher={ACADEMIC PRESS INC ELSEVIER SCIENCE}
}

@article{yamamoto2001Newton,
	title = {Historical developments in convergence analysis for Newton's and Newton-like methods},
	journal = {Journal of Computational and Applied Mathematics},
	volume = {124},
	number = {1},
	pages = {1 - 23},
	year = {2000},
	note = {Numerical Analysis 2000. Vol. IV: Optimization and Nonlinear Equations},
	issn = {0377-0427},
	doi = {https://doi.org/10.1016/S0377-0427(00)00417-9},
	url = {http://www.sciencedirect.com/science/article/pii/S0377042700004179},
	author = {Tetsuro Yamamoto},
}

@book{deuflhard2011newton,
	title={Newton methods for nonlinear problems: affine invariance and adaptive algorithms},
	author={Deuflhard, Peter},
	volume={35},
	year={2011},
	publisher={Springer Science \& Business Media}
}

@book{nesterov2013introductory,
	title={Introductory Lectures on Convex Optimization: A Basic Course},
	author={Nesterov, Y.},
	isbn={9781402075537},
	lccn={2003061994},
	series={Applied Optimization},
	volume={87},
	url={https://books.google.com/books?id=VyYLem-l3CgC},
	year={2003},
	publisher={Springer US}
}


@article{lemmens2013birkhoff,
	title={Birkhoffâ€™s version of Hilbertâ€™s metric and its applications in analysis},
	ISBN={9783037191477},
	url={http://dx.doi.org/10.4171/147-1/10},
	DOI={10.4171/147-1/10},
	journal={Handbook of Hilbert Geometry},
	publisher={European Mathematical Society Publishing House},
	author={Lemmens, Bas and Nussbaum, Roger},
	pages={275â€“303}
}

@article{lecun1998gradient,
	title={Gradient-based learning applied to document recognition},
	author={LeCun, Yann and Bottou, L{\'e}on and Bengio, Yoshua and Haffner, Patrick},
	journal={Proceedings of the IEEE},
	volume={86},
	number={11},
	pages={2278--2324},
	year={1998},
	publisher={Ieee}
}

@InProceedings{kumar2015subsetKmeans,
	author={Kumar, Ch. N. Santhosh
	and Rao, K. Nageswara
	and Govardhan, A.
	and Sandhya, N.},
	editor={Satapathy, Suresh Chandra
	and Govardhan, A.
	and Raju, K. Srujan
	and Mandal, J. K.},
	title={Subset K-Means Approach for Handling Imbalanced-Distributed Data},
	booktitle={Emerging ICT for Bridging the Future - Proceedings of the 49th Annual Convention of the Computer Society of India CSI Volume 2},
	year={2015},
	publisher={Springer International Publishing},
	address={Cham},
	pages={497--508},
	isbn={978-3-319-13731-5},
}

@ARTICLE{xiong2009kmeansvalid,
	author={H. {Xiong} and J. {Wu} and J. {Chen}},
	journal={IEEE Transactions on Systems, Man, and Cybernetics, Part B (Cybernetics)}, 
	title={K-Means Clustering Versus Validation Measures: A Data-Distribution Perspective}, 
	year={2009},
	volume={39},
	number={2},
	pages={318-331}
}

@unpublished{rychlikLyapunov,
	author = {Rychlik,Marek},
	title = {Personal communication},
	year = {2020}
}

@misc{rychlikCourse,
	author = {Rychlik,Marek},
	title = {Course notes},
	howpublished = {http://alamos.math.arizona.edu/math577/fall16/},
	year = {2016},
}

@book{devaney1989introduction,
	title={An Introduction to Chaotic Dynamical Systems},
	author={Devaney, R.L.},
	isbn={9780201130461},
	lccn={89096459},
	series={Addison-Wesley advanced book program},
	url={https://books.google.com/books?id=MlPvAAAAMAAJ},
	year={1989},
	publisher={Addison-Wesley}
}

@article{mei2017lasalle,
	title={LaSalle Invariance Principle for Discrete-time Dynamical Systems: A Concise and Self-contained Tutorial},
	author={Wenjun Mei and Francesco Bullo},
	year={2017},
	journal={arXiv preprint},
	volume = {arXiv:1710.03710},
	eprint={1710.03710},
	archivePrefix={arXiv},
	primaryClass={math.DS}
}

@book{lasalle1976dynsys,
	author = {La Salle, J. P.},
	title = {The Stability of Dynamical Systems},
	publisher = {Society for Industrial and Applied Mathematics},
	year = {1976},
	doi = {10.1137/1.9781611970432},
	address = {},
	edition   = {},
	URL = {https://epubs.siam.org/doi/abs/10.1137/1.9781611970432},
	eprint = {https://epubs.siam.org/doi/pdf/10.1137/1.9781611970432}
}


@book{krantz2012implicit,
	title={The Implicit Function Theorem: History, Theory, and Applications},
	author={Krantz, S.G. and Parks, H.R. and Cnops, J.R.},
	isbn={9783764342852},
	lccn={2002018234},
	series={Modern Birkh{\"a}user classics},
	url={https://books.google.com/books?id=2FijQgAACAAJ},
	year={2002},
	publisher={Birkh{\"a}user}
}


@book{michel2015stability,
	title={Stability of Dynamical Systems: On the Role of Monotonic and Non-Monotonic {Lyapunov} Functions},
	author={Michel, A.N. and Hou, L. and Liu, D.},
	isbn={9783319152752},
	lccn={2015931620},
	series={Systems \& Control: Foundations \& Applications},
	url={https://books.google.com/books?id=69S9BwAAQBAJ},
	year={2015},
	publisher={Springer International Publishing}
}


@article{Schmidhuber_2015,
	author = {J. Schmidhuber},
	title = {Deep Learning in Neural Networks: An Overview},
	journal = {Neural Networks},
	pages = {85-117},
	volume = {61},
	doi = {10.1016/j.neunet.2014.09.003},
	note = {Published online 2014; based on TR arXiv:1404.7828 [cs.NE]},
	year = {2015},
}

@article{lecun2015deep,
	title={Deep learning},
	author={LeCun, Yann and Bengio, Yoshua and Hinton, Geoffrey},
	journal={Nature},
	volume={521},
	number={7553},
	pages={436--444},
	year={2015},
	publisher={Nature Publishing Group}
}

@article{fawzi2017classification,
	title={Classification Regions of Deep Neural Networks},
	author={Alhussein Fawzi and Seyed-Mohsen Moosavi-Dezfooli and Pascal Frossard and Stefano Soatto},
	year={2017},
	journal={arXiv preprint},
	volume = {arXiv:1705.09552},
	eprint={1705.09552},
	archivePrefix={arXiv},
	primaryClass={cs.CV}
}

@article{benford1938,
	ISSN = {0003049X},
	URL = {http://www.jstor.org/stable/984802},
	author = {Frank Benford},
	journal = {Proceedings of the American Philosophical Society},
	number = {4},
	pages = {551--572},
	publisher = {American Philosophical Society},
	title = {The Law of Anomalous Numbers},
	volume = {78},
	year = {1938}
}

@article{HORNIK1991251,
	title = {Approximation Capabilities of Multilayer Feedforward Networks},
	journal = {Neural Networks},
	volume = {4},
	number = {2},
	pages = {251 - 257},
	year = {1991},
	issn = {0893-6080},
	doi = {https://doi.org/10.1016/0893-6080(91)90009-T},
	url = {http://www.sciencedirect.com/science/article/pii/089360809190009T},
	author = {Kurt Hornik},
}

@article{LESHNO1993861,
	title = {Multilayer Feedforward Networks with a Nonpolynomial Activation Function can Approximate any Function},
	journal = {Neural Networks},
	volume = {6},
	number = {6},
	pages = {861 - 867},
	year = {1993},
	issn = {0893-6080},
	doi = {https://doi.org/10.1016/S0893-6080(05)80131-5},
	url = {http://www.sciencedirect.com/science/article/pii/S0893608005801315},
	author = {Moshe Leshno and Vladimir Ya. Lin and Allan Pinkus and Shimon Schocken},
}

@book{werbos1994roots,
	title={The Roots of Backpropagation: From Ordered Derivatives to Neural Networks and Political Forecasting},
	author={Werbos, P.J.},
	isbn={9780471598978},
	lccn={lc93023159},
	series={Adaptive and Cognitive Dynamic Systems: Signal Processing, Learning, Communications and Control},
	url={https://books.google.com/books?id=wrJQAAAAMAAJ},
	year={1994},
	publisher={Wiley}
}

@book{griewank2008deriv,
	author = {Griewank, Andreas and Walther, Andrea},
	title = {Evaluating Derivatives},
	publisher = {Society for Industrial and Applied Mathematics},
	year = {2008},
	doi = {10.1137/1.9780898717761},
	address = {},
	edition   = {Second},
	URL = {https://epubs.siam.org/doi/abs/10.1137/1.9780898717761},
	eprint = {https://epubs.siam.org/doi/pdf/10.1137/1.9780898717761}
}

@article{Linnainmaa1976,
	author={Linnainmaa, Seppo},
	title={Taylor expansion of the accumulated rounding error},
	journal={BIT Numerical Mathematics},
	year={1976},
	month={Jun},
	day={01},
	volume={16},
	number={2},
	pages={146-160},
	abstract={The article describes analytic and algorithmic methods for determining the coefficients of the Taylor expansion of an accumulated rounding error with respect to the local rounding errors, and hence determining the influence of the local errors on the accumulated error. Second and higher order coefficients are also discussed, and some possible methods of reducing the extensive storage requirements are analyzed.},
	issn={1572-9125},
	doi={10.1007/BF01931367},
	url={https://doi.org/10.1007/BF01931367}
}

